<record><leader>00000cas a22000007a 4500</leader><controlfield tag="001">14978998</controlfield><controlfield tag="008">861216c19749999paudn ne      0    0eng d</controlfield><datafield ind1=" " ind2=" " tag="010"><subfield code="a">sn 87080646 </subfield></datafield><datafield ind1=" " ind2=" " tag="040"><subfield code="a">NPH</subfield><subfield code="b">eng</subfield><subfield code="c">NPH</subfield><subfield code="d">OCLCQ</subfield></datafield><datafield ind1=" " ind2=" " tag="042"><subfield code="a">msc</subfield></datafield><datafield ind1="0" ind2=" " tag="130"><subfield code="a">Record (Coatesville, Pa.)</subfield></datafield><datafield ind1="1" ind2="4" tag="245"><subfield code="a">The record.</subfield></datafield><datafield ind1=" " ind2=" " tag="260"><subfield code="a">Coatesville, Pa. :</subfield><subfield code="b">Community Service Pub. Co.,</subfield><subfield code="c">1974-</subfield></datafield><datafield ind1=" " ind2=" " tag="300"><subfield code="a">v. :</subfield><subfield code="b">ill.</subfield></datafield><datafield ind1=" " ind2=" " tag="310"><subfield code="a">Daily (except Sun.)</subfield></datafield><datafield ind1="0" ind2=" " tag="362"><subfield code="a">Vol. 66, no. 108 (Feb. 2, 1974)-</subfield></datafield><datafield ind1=" " ind2=" " tag="500"><subfield code="a">Offices in Downingtown &amp; Parkesburg.</subfield></datafield><datafield ind1=" " ind2=" " tag="580"><subfield code="a">Weekly eds.: Record plus (Coatesville, Pa. : Octorara ed.), Record plus (Coatesville, Pa. : Downingtown ed.), Record plus (Coatesville, Pa. : Brandywine ed.).</subfield></datafield><datafield ind1=" " ind2=" " tag="752"><subfield code="a">United States</subfield><subfield code="b">Pennsylvania</subfield><subfield code="c">Chester</subfield><subfield code="d">Coatesville.</subfield></datafield><datafield ind1=" " ind2=" " tag="752"><subfield code="a">United States</subfield><subfield code="b">Pennsylvania</subfield><subfield code="c">Chester</subfield><subfield code="d">Downingtown.</subfield></datafield><datafield ind1=" " ind2=" " tag="752"><subfield code="a">United States</subfield><subfield code="b">Pennsylvania</subfield><subfield code="c">Chester</subfield><subfield code="d">Parkesburg.</subfield></datafield><datafield ind1="1" ind2=" " tag="775"><subfield code="t">Record plus (Coatesville, Pa. : Octorara ed.)</subfield><subfield code="w">(DLC)sn 89077194</subfield></datafield><datafield ind1="1" ind2=" " tag="775"><subfield code="t">Record plus (Coatesville, Pa. : Downingtown ed.)</subfield><subfield code="w">(DLC)sn 90069145</subfield></datafield><datafield ind1="1" ind2=" " tag="775"><subfield code="t">Record plus (Coatesville, Pa. : Brandywine ed.)</subfield></datafield><datafield ind1="0" ind2=" " tag="775"><subfield code="t">Village news (Coatesville, Pa.)</subfield></datafield><datafield ind1="0" ind2=" " tag="775"><subfield code="t">Southern Chester County times (Kennett Square, Pa. : Oxford ed.)</subfield><subfield code="w">(DLC)sn 89077317</subfield></datafield><datafield ind1="0" ind2=" " tag="775"><subfield code="t">Southern Chester County times (Kennett Square, Pa. : Kennett ed.)</subfield><subfield code="w">(DLC)sn 89077318</subfield></datafield><datafield ind1="0" ind2=" " tag="775"><subfield code="t">Tri-County shoppers news</subfield><subfield code="w">(DLC)sn 79019340</subfield></datafield><datafield ind1="0" ind2="0" tag="780"><subfield code="t">Coatesville record</subfield><subfield code="w">(DLC)sn 86063541</subfield></datafield></record>